@article{levy2010evaluation,
  title={Evaluation of the public health impacts of traffic congestion: a health risk assessment},
  author={Levy, Jonathan I and Buonocore, Jonathan J and von Stackelberg, Katherine},
  journal={Environmental health},
  volume={9},
  pages={65},
  year={2010},
  publisher={BioMed Central}
}

@article{anciaes2017social,
  title={Social impacts of road traffic: perceptions and priorities of local residents},
  author={Anciaes, Paulo Rui and Metcalfe, Paul J and Heywood, Christopher},
  journal={Impact Assessment and Project Appraisal},
  volume={35},
  number={2},
  pages={172--183},
  year={2017},
  publisher={Taylor \& Francis},
  doi={10.1080/14615517.2016.1269464}
}

@article{gorea2016financial,
  title={Financial impact of road traffic accidents on the society},
  author={Gorea, R},
  journal={IJETV},
  volume={2},
  number={01},
  pages={6--9},
  month={Jun.},
  year={2016}
}

@article{guo2017mobile,
  title={Mobile cyber physical systems: Current challenges and future networking applications},
  author={Guo, Y. and Hu, X. and Hu, B. and Cheng, J. and Zhou, M. and Kwok, R. Y.},
  journal={IEEE Access},
  volume={6},
  pages={12360--12368},
  year={2017}
}

@article{singh2021digital,
  author = {Singh, Maulshree and Fuenmayor, Evert and Hinchy, Eoin P. and Qiao, Yuansong and Murray, Niall and Devine, Declan},
  title = {Digital Twin: Origin to Future},
  journal = {Applied System Innovation},
  year = {2021},
  volume = {4},
  number = {2},
  pages = {36},
  url = {https://doi.org/10.3390/asi4020036}
}

@article{VANDERHORN2021113524,
  title = {Digital Twin: Generalization, characterization and implementation},
  journal = {Decision Support Systems},
  volume = {145},
  pages = {113524},
  year = {2021},
  issn = {0167-9236},
  doi = {10.1016/j.dss.2021.113524},
  url = {https://www.sciencedirect.com/science/article/pii/S0167923621000348},
  author = {Eric VanDerHorn and Sankaran Mahadevan},
  keywords = {Digital Twin, Decision making, Virtual representation, Model updating, Information fusion}
}

@article{scats,
  author={Sims, A.G. and Dobinson, K.W.},
  journal={IEEE Transactions on Vehicular Technology}, 
  title={The Sydney coordinated adaptive traffic (SCAT) system philosophy and benefits}, 
  year={1980},
  volume={29},
  number={2},
  pages={130-137},
  keywords={Adaptive systems;Roads;Telecommunication traffic;Australia;Cities and towns;Atmospheric measurements;Pollution measurement;Cost function;Communication networks;Computer network management},
  doi={10.1109/T-VT.1980.23833}
}

@misc{wiki:sydney_traffic_system,
  author = {{Wikipedia contributors}},
  title = {Sydney Coordinated Adaptive Traffic System --- {Wikipedia}{,} The Free Encyclopedia},
  year = {2022},
  url = {https://en.wikipedia.org/wiki/Sydney\_Coordinated
        \_Adaptive\_Traffic\_System},
  note = {Online; accessed 25-April-2024}
}


@article{zhu2012probe,
  title={A compressive sensing approach to urban traffic estimation with probe vehicles},
  author={Zhu, Yanmin and Li, Zhi and Zhu, Hongzi and Li, Minglu and Zhang, Qian},
  journal={IEEE Transactions on Mobile Computing},
  volume={12},
  number={11},
  pages={2289--2302},
  year={2012},
  publisher={IEEE}
}

@article{rose2006mobile,
  title={Mobile phones as traffic probes: practices, prospects and issues},
  author={Rose, Geoff},
  journal={Transport Reviews},
  volume={26},
  number={3},
  pages={275--291},
  year={2006},
  publisher={Taylor \& Francis}
}

@article{sumo,
  title={Traffic simulation with SUMO--simulation of urban mobility},
  author={Krajzewicz, Daniel},
  journal={Fundamentals of traffic simulation},
  pages={269--293},
  year={2010},
  publisher={Springer}
}

@article{weather,
  title={Assessing the impact of weather on traffic intensity},
  author={Cools, Mario and Moons, Elke and Wets, Geert},
  journal={Weather, Climate, and Society},
  volume={2},
  number={1},
  pages={60--68},
  year={2010},
  publisher={American Meteorological Society}
}

@article{holiday,
  title={Investigating the variability in daily traffic counts through use of ARIMAX and SARIMAX models: assessing the effect of holidays on two site locations},
  author={Cools, Mario and Moons, Elke and Wets, Geert},
  journal={Transportation research record},
  volume={2136},
  number={1},
  pages={57--66},
  year={2009},
  publisher={SAGE Publications Sage CA: Los Angeles, CA}
}


@article{vissim,
  title={Microscopic traffic flow simulator VISSIM},
  author={Fellendorf, Martin and Vortisch, Peter},
  journal={Fundamentals of traffic simulation},
  pages={63--93},
  year={2010},
  publisher={Springer}
}

@inproceedings{gain,
  title={Gain: Missing data imputation using generative adversarial nets},
  author={Yoon, Jinsung and Jordon, James and Schaar, Mihaela},
  booktitle={International conference on machine learning},
  pages={5689--5698},
  year={2018},
  organization={PMLR}
}

@misc{wgan,
      title={Wasserstein GAN}, 
      author={Martin Arjovsky and Soumith Chintala and LÃ©on Bottou},
      year={2017},
      eprint={1701.07875},
      archivePrefix={arXiv},
      primaryClass={stat.ML}
}

@article{pidl,
  title={Physics-informed deep learning for traffic state estimation: Illustrations with LWR and CTM models},
  author={Huang, Archie J and Agarwal, Shaurya},
  journal={IEEE Open Journal of Intelligent Transportation Systems},
  volume={3},
  pages={503--518},
  year={2022},
  publisher={IEEE}
}

@inproceedings{node2vec,
  title={node2vec: Scalable feature learning for networks},
  author={Grover, Aditya and Leskovec, Jure},
  booktitle={Proceedings of the 22nd ACM SIGKDD international conference on Knowledge discovery and data mining},
  pages={855--864},
  year={2016}
}

@misc{word2vec,
      title={Efficient Estimation of Word Representations in Vector Space}, 
      author={Tomas Mikolov and Kai Chen and Greg Corrado and Jeffrey Dean},
      year={2013},
      eprint={1301.3781},
      archivePrefix={arXiv},
      primaryClass={cs.CL}
}

@article{jain2019review,
  title={A review on traffic monitoring system techniques},
  author={Jain, Neeraj Kumar and Saini, RK and Mittal, Preeti},
  journal={Soft computing: Theories and applications: Proceedings of SoCTA 2017},
  pages={569--577},
  year={2019},
  publisher={Springer}
}

@inproceedings{asha2018vehicle,
  title={Vehicle counting for traffic management system using YOLO and correlation filter},
  author={Asha, CS and Narasimhadhan, AV},
  booktitle={2018 IEEE International Conference on Electronics, Computing and Communication Technologies (CONECCT)},
  pages={1--6},
  year={2018},
  organization={IEEE}
}

@article{redmon2018yolov3,
  title={Yolov3: An incremental improvement},
  author={Redmon, Joseph and Farhadi, Ali},
  journal={arXiv preprint arXiv:1804.02767},
  year={2018}
}

@inproceedings{skipgram,
 author = {Mikolov, Tomas and Sutskever, Ilya and Chen, Kai and Corrado, Greg S and Dean, Jeff},
 booktitle = {Advances in Neural Information Processing Systems},
 editor = {C.J. Burges and L. Bottou and M. Welling and Z. Ghahramani and K.Q. Weinberger},
 pages = {},
 publisher = {Curran Associates, Inc.},
 title = {Distributed Representations of Words and Phrases and their Compositionality},
 volume = {26},
 year = {2013}
}

@article{raissi2017physics,
  title={Physics informed deep learning (part i): Data-driven solutions of nonlinear partial differential equations},
  author={Raissi, Maziar and Perdikaris, Paris and Karniadakis, George Em},
  journal={arXiv preprint arXiv:1711.10561},
  year={2017}
}

@article{arima,
  title={An introductory study on time series modeling and forecasting},
  author={Adhikari, Ratnadip and Agrawal, Ramesh K},
  journal={arXiv preprint arXiv:1302.6613},
  year={2013}
}

@inproceedings{time_arima,
  title={Road traffic flow prediction with a time-oriented ARIMA model},
  author={Dong, Honghui and Jia, Limin and Sun, Xiaoliang and Li, Chenxi and Qin, Yong},
  booktitle={2009 Fifth International Joint Conference on INC, IMS and IDC},
  pages={1649--1652},
  year={2009},
  organization={IEEE}
}

@article{sarima,
  title={Short-term traffic flow prediction using seasonal ARIMA model with limited input data},
  author={Kumar, S Vasantha and Vanajakshi, Lelitha},
  journal={European Transport Research Review},
  volume={7},
  pages={1--9},
  year={2015},
  publisher={Springer}
}

@article{trmf,
  title={Temporal regularized matrix factorization for high-dimensional time series prediction},
  author={Yu, Hsiang-Fu and Rao, Nikhil and Dhillon, Inderjit S},
  journal={Advances in neural information processing systems},
  volume={29},
  year={2016}
}

@article{btrmf,
  title={Bayesian temporal factorization for multidimensional time series prediction},
  author={Chen, Xinyu and Sun, Lijun},
  journal={IEEE Transactions on Pattern Analysis and Machine Intelligence},
  volume={44},
  number={9},
  pages={4659--4673},
  year={2021},
  publisher={IEEE}
}

@article{gnn,
  title={Graph neural networks: A review of methods and applications},
  author={Zhou, Jie and Cui, Ganqu and Hu, Shengding and Zhang, Zhengyan and Yang, Cheng and Liu, Zhiyuan and Wang, Lifeng and Li, Changcheng and Sun, Maosong},
  journal={AI open},
  volume={1},
  pages={57--81},
  year={2020},
  publisher={Elsevier}
}

@article{lwr,
  title={A multi-class traffic flow model--an extension of LWR model with heterogeneous drivers},
  author={Wong, GCK and Wong, SC},
  journal={Transportation Research Part A: Policy and Practice},
  volume={36},
  number={9},
  pages={827--841},
  year={2002},
  publisher={Elsevier}
}

@article{ctm,
  title={The cell transmission model: A dynamic representation of highway traffic consistent with the hydrodynamic theory},
  author={Daganzo, Carlos F},
  journal={Transportation research part B: methodological},
  volume={28},
  number={4},
  pages={269--287},
  year={1994},
  publisher={Elsevier}
}

@article{lrtc,
  title={A nonconvex low-rank tensor completion model for spatiotemporal traffic data imputation},
  author={Chen, Xinyu and Yang, Jinming and Sun, Lijun},
  journal={Transportation Research Part C: Emerging Technologies},
  volume={117},
  pages={102673},
  year={2020},
  publisher={Elsevier}
}

@article{dae,
  title={Stacked denoising autoencoders: Learning useful representations in a deep network with a local denoising criterion.},
  author={Vincent, Pascal and Larochelle, Hugo and Lajoie, Isabelle and Bengio, Yoshua and Manzagol, Pierre-Antoine and Bottou, L{\'e}on},
  journal={Journal of machine learning research},
  volume={11},
  number={12},
  year={2010}
}

@article{lstm,
  title={Long short-term memory},
  author={Hochreiter, Sepp and Schmidhuber, J{\"u}rgen},
  journal={Neural computation},
  volume={9},
  number={8},
  pages={1735--1780},
  year={1997},
  publisher={MIT press}
}

@inproceedings{knn,
  title={KNN model-based approach in classification},
  author={Guo, Gongde and Wang, Hui and Bell, David and Bi, Yaxin and Greer, Kieran},
  booktitle={On The Move to Meaningful Internet Systems 2003: CoopIS, DOA, and ODBASE: OTM Confederated International Conferences, CoopIS, DOA, and ODBASE 2003, Catania, Sicily, Italy, November 3-7, 2003. Proceedings},
  pages={986--996},
  year={2003},
  organization={Springer}
}

@article{bgcp,
  title={A Bayesian tensor decomposition approach for spatiotemporal traffic data imputation},
  author={Chen, Xinyu and He, Zhaocheng and Sun, Lijun},
  journal={Transportation research part C: emerging technologies},
  volume={98},
  pages={73--84},
  year={2019},
  publisher={Elsevier}
}

@misc{tapas,
  title = {TAPASCologne - SUMO Documentation},
  howpublished = {\url{https://sumo.dlr.de/docs/Data/Scenarios/TAPASCologne.html}},
  note = {Accessed on 14th May 2024},
}

@misc{dublin_scats,
  author = {{Dublin City Council}},
  title = {Traffic Signals and SCATS Sites Locations - Dublin City Council},
  howpublished = {\url{https://data.gov.ie/dataset/traffic-signals-and-scats-sites-locations-dcc}},
  note = {Accessed on 14th May 2024},
}
